@book{amir,
archivePrefix = {arXiv},
arxivId = {ref:zan},
author = {choubani amir Inc},
booktitle = {Cahiers de l'Institut de Linguistique de Louvain},
doi = {ref:zan},
eprint = {ref:zan},
file = {:C$\backslash$:/Users/amir/Documents/Latex/tuto6.pdf:pdf},
isbn = {ref:zan},
issn = {0771-6524},
keywords = {date,novembre 2008,publications},
number = {1},
pages = {263--266},
title = {{Table de mati{\`{e}}res}},
url = {http://poj.peeters-leuven.be/content.php?url=article{\&}id=519224},
volume = {30},
year = {2004}
}
